Account Name       :                	Ms. Apurva  Sinha
Address            :	D/O Anup Kumar Sinha, 6, THACKWELL ROAD,
                                    	LILUAH
                                    	Bally Municipality-711204
                                    	Haora
Date               :                	4 Mar 2025
Account Number     :	_00000041627634577
Account Description:	LOTUS SAVING  BANK-ADHAR- CHQ
Branch             :	LILUAH
Drawing Power      :	0.00
Interest Rate(% p.a.):	2.7
MOD Balance      :	0.00
CIF No.          :	_91127578470
IFS (Indian Financial System) Code         :	SBIN0001377
CKYCR Number          :	XXXXXXXXXX8986
MICR (Magnetic Ink Character Recognition)  Code        :	_700002134
Nomination Registered    :	Yes 
Balance on 4 Mar 2024        :	1,74,851.17
Start Date          :	4 Mar 2024
End Date            :	3 Mar 2025
Txn Date	Value Date	Description	Ref No./Cheque No.	        Debit	Credit	Balance	
5 Mar 2024	5 Mar 2024	   TO TRANSFER-UPI/DR/406568327323/MS APURV/SCBL/sinhaapurv/UPI--	TRANSFER TO 4897691162095	2,000.00	 	1,72,851.17
10 Mar 2024	10 Mar 2024	   ATM WDL-ATM CASH 2359  SBI, LILUAH BRANCH    HAORA--		8,000.00	 	1,64,851.17
11 Mar 2024	11 Mar 2024	   ATM WDL-ATM CASH 7227  SBI LILUIAH BRANCH    HAORA--		8,000.00	 	1,56,851.17
11 Mar 2024	11 Mar 2024	   TO TRANSFER-UPI/DR/407129246158/SUBBARAY/SBIN/subbarayud/UPI--	TRANSFER TO 4897690162095	13,000.00	 	1,43,851.17
16 Mar 2024	16 Mar 2024	   DEBIT-ATMCard AMC  652294*1397--		147.50	 	1,43,703.67
23 Mar 2024	23 Mar 2024	   ATM WDL-ATM CASH 40830 +BELUR BAZAAR OATM     HOWRAH--		7,500.00	 	1,36,203.67
23 Mar 2024	23 Mar 2024	   TO TRANSFER-UPI/DR/408314657326/APURVA S/HDFC/sinhaapurv/UPI--	TRANSFER TO 4897695162091	3,527.04	 	1,32,676.63
23 Mar 2024	23 Mar 2024	   TO TRANSFER-UPI/DR/408319282166/MS APURV/SCBL/sinhaapurv/UPI--	TRANSFER TO 4897695162091	481.00	 	1,32,195.63
25 Mar 2024	25 Mar 2024	   CREDIT INTEREST---		 	840.00	1,33,035.63
27 Mar 2024	27 Mar 2024	   TO TRANSFER-UPI/DR/408797356662/APURVA S/HDFC/sinhaapurv/UPI--	TRANSFER TO 4897692162094	2,398.00	 	1,30,637.63
3 Apr 2024	3 Apr 2024	   ATM WDL-ATM CASH 40941 +BELUR BAZAAR OATM     HOWRAH--		8,000.00	 	1,22,637.63
4 Apr 2024	4 Apr 2024	   DEBIT-PMJJBY UPTO 31-05-24 CIF: 91127578470--		114.00	 	1,22,523.63
4 Apr 2024	4 Apr 2024	   DEBIT-PMSBY UPTO 31-05-24 CIF:91127578470--		20.00	 	1,22,503.63
6 Apr 2024	6 Apr 2024	   BY TRANSFER-UPI/CR/409796242000/MS APURV/SCBL/sinhaapurv/UPI--	TRANSFER FROM 4897737162096	 	50,000.00	1,72,503.63
6 Apr 2024	6 Apr 2024	   BY TRANSFER-UPI/CR/409796234934/MS APURV/SCBL/sinhaapurv/UPI--	TRANSFER FROM 4897737162096	 	50,000.00	2,22,503.63
8 Apr 2024	8 Apr 2024	   BY TRANSFER-UPI/CR/409994273140/MS APURV/SCBL/sinhaapurv/UPI--	TRANSFER FROM 4897732162091	 	50,000.00	2,72,503.63
9 Apr 2024	9 Apr 2024	   TO TRANSFER-INB National Pension Scheme (NPS)--	IHS1347880               TRANSFER TO 4697263003006	51,301.00	 	2,21,202.63
10 Apr 2024	10 Apr 2024	   BY TRANSFER-UPI/CR/410184619574/MS APURV/SCBL/sinhaapurv/UPI--	TRANSFER FROM 4897734162099	 	20,000.00	2,41,202.63
10 Apr 2024	10 Apr 2024	   BY TRANSFER-UPI/CR/410168465568/APURVA S/HDFC/sinhaapurv/UPI--	TRANSFER FROM 4897734162099	 	76.00	2,41,278.63
10 Apr 2024	10 Apr 2024	   BY TRANSFER-UPI/CR/410175812325/APURVA S/HDFC/sinhaapurv/UPI--	TRANSFER FROM 4897734162099	 	1,500.00	2,42,778.63
10 Apr 2024	10 Apr 2024	   BY TRANSFER-UPI/CR/410175840140/APURVA S/HDFC/sinhaapurv/UPI--	TRANSFER FROM 4897734162099	 	400.00	2,43,178.63
10 Apr 2024	10 Apr 2024	   BY TRANSFER-UPI/CR/410175943266/APURVA S/HDFC/sinhaapurv/UPI--	TRANSFER FROM 4897734162099	 	90.00	2,43,268.63
23 Apr 2024	23 Apr 2024	   TO TRANSFER-UPI/DR/411411636845/KRITIKA /BARB/sinhakriti/Makeu--	TRANSFER TO 4897691162095	3,500.00	 	2,39,768.63
26 Apr 2024	26 Apr 2024	   BY TRANSFER-UPI/CR/411718302077/MS APURV/SCBL/sinhaapurv/UPI--	TRANSFER FROM 4897736162097	 	70,000.00	3,09,768.63
28 Apr 2024	28 Apr 2024	   BY TRANSFER-UPI/CR/411917962008/MS APURV/SCBL/sinhaapurv/UPI--	TRANSFER FROM 4897738162095	 	20,155.06	3,29,923.69
29 Apr 2024	29 Apr 2024	   TO TRANSFER-UPI/DR/412057821171/Mr ANUP /IDIB/9477215528/UPI--	TRANSFER TO 4897690162095	2,000.00	 	3,27,923.69
29 Apr 2024	29 Apr 2024	   ATM WDL-ATM CASH 1505  LILUAH WORKSHOP 029   HAORA--		5,500.00	 	3,22,423.69
5 May 2024	5 May 2024	   ATM WDL-ATM CASH 41260 +BELUR BAZAAR OATM     HOWRAH--		8,000.00	 	3,14,423.69
6 May 2024	6 May 2024	TO CLEARING-Chq No. 593719 GPO   ANUP KUMAR SINHA--593719	593719	60,000.00	 	2,54,423.69
11 May 2024	11 May 2024	   TO TRANSFER-PMJJBY RENEWAL SBIJB01377202412895212178--	TRANSFER TO 4697372105210	436.00	 	2,53,987.69
13 May 2024	13 May 2024	   TO TRANSFER-PMSBY RENEWAL SBISB01377202413033020324--	TRANSFER TO 4697393105215	20.00	 	2,53,967.69
14 May 2024	14 May 2024	   TO TRANSFER-UPI/DR/413565403473/APURVA S/HDFC/sinhaapurv/UPI--	TRANSFER TO 4897691162095	20,000.00	 	2,33,967.69
14 May 2024	14 May 2024	   TO TRANSFER-UPI/DR/450150276537/APURVA S/HDFC/sinhaapurv/UPI--	TRANSFER TO 4897691162095	4,200.00	 	2,29,767.69
22 May 2024	22 May 2024	   BY TRANSFER-UPI/CR/414348049433/APURVA S/HDFC/sinhaapurv/UPI--	TRANSFER FROM 4897734162099	 	3,500.00	2,33,267.69
23 May 2024	23 May 2024	   TO TRANSFER-UPI/DR/414466681948/APURVA S/HDFC/sinhaapurv/UPI--	TRANSFER TO 4897693162093	1,001.00	 	2,32,266.69
25 May 2024	25 May 2024	   ATM WDL-ATM CASH 41460 +BELUR BAZAAR OATM     HOWRAH--		7,500.00	 	2,24,766.69
27 May 2024	27 May 2024	   TO TRANSFER-UPI/DR/414844186964/APURVA S/HDFC/sinhaapurv/UPI--	TRANSFER TO 4897690162095	9,500.00	 	2,15,266.69
31 May 2024	31 May 2024	   TO TRANSFER-UPI/DR/415228091302/APURVA S/HDFC/sinhaapurv/UPI--	TRANSFER TO 4897694162092	17,400.00	 	1,97,866.69
1 Jun 2024	1 Jun 2024	   TO TRANSFER-UPI/DR/415395136961/Mr ANUP /sbin/1025277698/UPI--	TRANSFER TO 4897695162091	1.00	 	1,97,865.69
3 Jun 2024	3 Jun 2024	   ATM WDL-ATM CASH 3917  SBI LILUIAH BRANCH    HAORA--		8,000.00	 	1,89,865.69
3 Jun 2024	3 Jun 2024	   TO TRANSFER-UPI/DR/415560266739/APURVA S/HDFC/sinhaapurv/UPI--	TRANSFER TO 4897690162095	6,500.00	 	1,83,365.69
6 Jun 2024	6 Jun 2024	TO CLEARING-Chq No. 593720 GPO   A  SINHA--593720	593720	60,000.00	 	1,23,365.69
8 Jun 2024	8 Jun 2024	   TO TRANSFER-UPI/DR/416024331885/Mr ANUP /sbin/1025277698/UPI--	TRANSFER TO 4897695162091	30,000.00	 	93,365.69
8 Jun 2024	8 Jun 2024	   BY TRANSFER-UPI/CR/416024385237/MS APURV/SCBL/sinhaapurv/UPI--	TRANSFER FROM 4897737162096	 	70,000.00	1,63,365.69
19 Jun 2024	19 Jun 2024	   TO TRANSFER-UPI/DR/417156670186/XXXXXXXX/idib/492770987@/UPI--	TRANSFER TO 4897692162094	18,500.00	 	1,44,865.69
25 Jun 2024	25 Jun 2024	   CREDIT INTEREST---		 	1,440.00	1,46,305.69
1 Jul 2024	1 Jul 2024	   TO TRANSFER-UPI/DR/418321691946/Mr ANUP /IDIB/9477215528/UPI--	TRANSFER TO 4897690162095	3,000.00	 	1,43,305.69
1 Jul 2024	1 Jul 2024	CHEQUE DEPOSIT---327267	TRANSFER TO 10252776989                            / 327267	 	14,000.00	1,57,305.69
2 Jul 2024	2 Jul 2024	   ATM WDL-ATM CASH 7249  SBI LILUIAH BRANCH    HAORA--		8,000.00	 	1,49,305.69
5 Jul 2024	5 Jul 2024	   TO TRANSFER-UPI/DR/418728707901/Mr AMAN /IDIB/9748372575/UPI--	TRANSFER TO 4897694162092	35,000.00	 	1,14,305.69
5 Jul 2024	5 Jul 2024	   TO TRANSFER-UPI/DR/418728779486/APURVA S/HDFC/sinhaapurv/UPI--	TRANSFER TO 4897694162092	20,800.00	 	93,505.69
5 Jul 2024	5 Jul 2024	   CASH DEPOSIT-CASH DEPOSIT SELF--		 	35,000.00	1,28,505.69
10 Jul 2024	10 Jul 2024	   BY TRANSFER-UPI/CR/419201869381/MS APURV/SCBL/sinhaapurv/UPI--	TRANSFER FROM 4897734162099	 	80,000.00	2,08,505.69
10 Jul 2024	10 Jul 2024	   BY TRANSFER-UPI/CR/419202020030/MS APURV/SCBL/sinhaapurv/UPI--	TRANSFER FROM 4897734162099	 	20,000.00	2,28,505.69
10 Jul 2024	10 Jul 2024	   BY TRANSFER-UPI/CR/419216019015/APURVA S/HDFC/sinhaapurv/UPI--	TRANSFER FROM 4897734162099	 	3,000.00	2,31,505.69
13 Jul 2024	13 Jul 2024	   TO TRANSFER-UPI/DR/419526422791/APURVA S/HDFC/sinhaapurv/UPI--	TRANSFER TO 4897695162091	44,240.00	 	1,87,265.69
14 Jul 2024	14 Jul 2024	   TO TRANSFER-UPI/DR/419562356608/APURVA S/HDFC/sinhaapurv/UPI--	TRANSFER TO 4897696162090	31,050.00	 	1,56,215.69
17 Jul 2024	17 Jul 2024	   BY TRANSFER-UPI/CR/419987752421/Mr ANUP /IDIB/9477215528/Payme--	TRANSFER FROM 4897734162099	 	18,500.00	1,74,715.69
17 Jul 2024	17 Jul 2024	   BY TRANSFER-UPI/CR/419968846335/Mr ANUP /IDIB/9477215528/Payme--	TRANSFER FROM 4897734162099	 	12,550.00	1,87,265.69
18 Jul 2024	18 Jul 2024	   TO TRANSFER-UPI/DR/420054971577/MS APURV/SCBL/sinhaapurv/UPI--	TRANSFER TO 4897693162093	5,000.00	 	1,82,265.69
22 Jul 2024	22 Jul 2024	   TO TRANSFER-UPI/DR/420457658888/APURVA S/HDFC/sinhaapurv/UPI--	TRANSFER TO 4897690162095	17,070.00	 	1,65,195.69
24 Jul 2024	24 Jul 2024	   ATM WDL-ATM CASH 42060 +BELUR BAZAAR OATM     HOWRAH--		7,500.00	 	1,57,695.69
12 Aug 2024	12 Aug 2024	   BY TRANSFER-UPI/CR/422509273633/MS APURV/SCBL/sinhaapurv/UPI--	TRANSFER FROM 4897733162090	 	70,000.00	2,27,695.69
13 Aug 2024	13 Aug 2024	   TO TRANSFER-UPI/DR/422658320269/XXXXXXXX/idib/492770987@/UPI--	TRANSFER TO 4897692162094	8,000.00	 	2,19,695.69
26 Aug 2024	26 Aug 2024	   ATM WDL-ATM CASH 762   SBI LILUIAH BRANCH    HAORA--		7,500.00	 	2,12,195.69
4 Sep 2024	4 Sep 2024	   ATM WDL-ATM CASH 5253  SBI LILUIAH BRANCH    HAORA--		8,000.00	 	2,04,195.69
16 Sep 2024	16 Sep 2024	   TO TRANSFER-UPI/DR/426003701921/SHOPPERS/ICIC/ss102.bang/UPI--	TRANSFER TO 4897691162095	1,299.00	 	2,02,896.69
21 Sep 2024	21 Sep 2024	   ATM WDL-ATM CASH 42650 +BELUR BAZAAR OATM     HOWRAH--		7,500.00	 	1,95,396.69
22 Sep 2024	22 Sep 2024	   TO TRANSFER-UPI/DR/426687605088/MS APURV/SCBL/sinhaapurv/UPI--	TRANSFER TO 4897690162095	20,000.00	 	1,75,396.69
25 Sep 2024	25 Sep 2024	   CREDIT INTEREST---		 	1,249.00	1,76,645.69
26 Sep 2024	26 Sep 2024	   TO TRANSFER-UPI/DR/427071384000/Mr ANUP /sbin/1025277698/UPI--	TRANSFER TO 4897694162092	95,000.00	 	81,645.69
26 Sep 2024	26 Sep 2024	   TO TRANSFER-UPI/DR/427071386823/Mr ANUP /sbin/1025277698/UPI--	TRANSFER TO 4897694162092	5,000.00	 	76,645.69
27 Sep 2024	27 Sep 2024	CHEQUE DEPOSIT---327273	TRANSFER TO 10252776989                            / 327273	 	78,300.00	1,54,945.69
30 Sep 2024	30 Sep 2024	CHEQUE DEPOSIT---327276	TRANSFER TO 10252776989                            / 327276	 	4,095.00	1,59,040.69
4 Oct 2024	4 Oct 2024	   ATM WDL-ATM CASH 8710  SBI, LILUAH BRANCH    HAORA--		8,000.00	 	1,51,040.69
8 Oct 2024	8 Oct 2024	CHEQUE DEPOSIT---327278	TRANSFER TO 10252776989                            / 327278	 	4,900.00	1,55,940.69
8 Oct 2024	8 Oct 2024	   TO TRANSFER-UPI/DR/428230592980/MS APURV/SCBL/sinhaapurv/UPI--	TRANSFER TO 4897692162094	4,900.00	 	1,51,040.69
23 Oct 2024	23 Oct 2024	   ATM WDL-ATM CASH 4850  LILUAH WORK SHOP 028  HAORA--		7,500.00	 	1,43,540.69
1 Nov 2024	1 Nov 2024	   TO TRANSFER-UPI/DR/430691438575/Mr ANUP /IDIB/9477215528/UPI--	TRANSFER TO 4897695162091	1,000.00	 	1,42,540.69
1 Nov 2024	1 Nov 2024	   TO TRANSFER-UPI/DR/430628664918/Mr ANUP /IDIB/9477215528/UPI--	TRANSFER TO 4897695162091	4,000.00	 	1,38,540.69
1 Nov 2024	1 Nov 2024	   TO TRANSFER-UPI/DR/430629158985/NILAM SI/PUNB/nilamsinha/UPI--	TRANSFER TO 4897695162091	3,000.00	 	1,35,540.69
2 Nov 2024	2 Nov 2024	   TO TRANSFER-UPI/DR/430765452954/RAKESH K/IOBA/sinharkmk@/UPI--	TRANSFER TO 4897696162090	10,000.00	 	1,25,540.69
7 Nov 2024	7 Nov 2024	   TO TRANSFER-UPI/DR/431239518170/Mr ANUP /IDIB/9477215528/UPI--	TRANSFER TO 4897694162092	60,000.00	 	65,540.69
13 Nov 2024	13 Nov 2024	CHEQUE DEPOSIT---663223	TRANSFER TO 10252776989                            / 663223	 	6,800.00	72,340.69
13 Nov 2024	13 Nov 2024	   TO TRANSFER-UPI/DR/431858386255/Mr ANUP /IDIB/9477215528/UPI--	TRANSFER TO 4897693162093	6,800.00	 	65,540.69
22 Nov 2024	22 Nov 2024	   ATM WDL-ATM CASH 2240  SBI LILUIAH BRANCH    HAORA--		7,500.00	 	58,040.69
2 Dec 2024	2 Dec 2024	   TO TRANSFER-UPI/DR/433726287026/MS APURV/SCBL/sinhaapurv/UPI--	TRANSFER TO 4897691162095	114.00	 	57,926.69
2 Dec 2024	2 Dec 2024	   BY TRANSFER-UPI/CR/433726561225/MS APURV/SCBL/sinhaapurv/UPI--	TRANSFER FROM 4897733162090	 	114.00	58,040.69
7 Dec 2024	7 Dec 2024	   ATM WDL-ATM CASH 1467  LILUAH WORKSHOP 029   HAORA--		8,000.00	 	50,040.69
12 Dec 2024	12 Dec 2024	   BY TRANSFER-UPI/CR/434793450142/MS APURV/SCBL/sinhaapurv/UPI--	TRANSFER FROM 4897736162097	 	50,000.00	1,00,040.69
23 Dec 2024	23 Dec 2024	   ATM WDL-ATM CASH 206   SBI, LILUAH BRANCH    HAORA--		7,500.00	 	92,540.69
25 Dec 2024	25 Dec 2024	   CREDIT INTEREST---		 	707.00	93,247.69
27 Dec 2024	27 Dec 2024	   TO TRANSFER-UPI/DR/436273620978/Mr ANUP /IDIB/9477215528/LIC P--	TRANSFER TO 4897695162091	19,640.00	 	73,607.69
2 Jan 2025	2 Jan 2025	   TO TRANSFER-UPI/DR/500282777546/APURVA S/HDFC/sinhaapurv/UPI--	TRANSFER TO 4897694162092	30,000.00	 	43,607.69
4 Jan 2025	4 Jan 2025	   ATM WDL-ATM CASH 2161  SBI, LILUAH BRANCH    HAORA--		8,000.00	 	35,607.69
7 Jan 2025	7 Jan 2025	   TO TRANSFER-UPI/DR/500737214087/APURVA S/HDFC/sinhaapurv/UPI--	TRANSFER TO 4897692162094	5,534.00	 	30,073.69
11 Jan 2025	11 Jan 2025	   BY TRANSFER-UPI/CR/501109545773/MS APURV/SCBL/sinhaapurv/UPI--	TRANSFER FROM 4897738162095	 	95,000.00	1,25,073.69
21 Jan 2025	21 Jan 2025	   TO TRANSFER-UPI/DR/502164822558/APURVA S/HDFC/sinhaapurv/UPI--	TRANSFER TO 4897692162094	21,850.00	 	1,03,223.69
21 Jan 2025	21 Jan 2025	   TO TRANSFER-UPI/DR/502122623214/APURVA S/HDFC/sinhaapurv/UPI--	TRANSFER TO 4897692162094	27,000.00	 	76,223.69
23 Jan 2025	23 Jan 2025	   ATM WDL-ATM CASH 8560  SBI, LILUAH BRANCH    HAORA--		7,500.00	 	68,723.69
10 Feb 2025	10 Feb 2025	   ATM WDL-ATM CASH 5968  SBI, LILUAH BRANCH    HAORA--		8,000.00	 	60,723.69
21 Feb 2025	21 Feb 2025	   ATM WDL-ATM CASH 5009   BONHOOGHLY 136       KOLKATA--		7,500.00	 	53,223.69

**This is a computer generated statement and does not require a signature

