Account Name       :                	Ms. Apurva  Sinha
Address            :	D/O Anup Kumar Sinha, 6, THACKWELL ROAD,
                                    	LILUAH
                                    	Bally Municipality-711204
                                    	Haora
Date               :                	4 Mar 2025
Account Number     :	_00000041627634577
Account Description:	LOTUS SAVING  BANK-ADHAR- CHQ
Branch             :	LILUAH
Drawing Power      :	0.00
Interest Rate(% p.a.):	2.7
MOD Balance      :	0.00
CIF No.          :	_91127578470
IFS (Indian Financial System) Code         :	SBIN0001377
CKYCR Number          :	XXXXXXXXXX8986
MICR (Magnetic Ink Character Recognition)  Code        :	_700002134
Nomination Registered    :	Yes 
Balance on 4 Mar 2023        :	4,601.00
Start Date          :	4 Mar 2023
End Date            :	3 Mar 2024
Txn Date	Value Date	Description	Ref No./Cheque No.	        Debit	Credit	Balance	
25 Mar 2023	25 Mar 2023	   CREDIT INTEREST---		 	17.00	4,618.00
30 Apr 2023	30 Apr 2023	   TO TRANSFER-UPI/DR/312090894522/Mr ANUP /IDIB/9477215528/UPI--	TRANSFER TO 4897696162090	500.00	 	4,118.00
30 Apr 2023	30 Apr 2023	   BY TRANSFER-UPI/CR/312007141730/Mr ANUP /IDIB/9477215528/R--	TRANSFER FROM 4897738162095	 	1.00	4,119.00
30 Apr 2023	30 Apr 2023	   BY TRANSFER-UPI/CR/312029810608/Mr ANUP /IDIB/9477215528/R--	TRANSFER FROM 4897738162095	 	499.00	4,618.00
30 Apr 2023	30 Apr 2023	   BY TRANSFER-UPI/CR/312025282710/Mr ANUP /IDIB/9477215528/Payme--	TRANSFER FROM 4897738162095	 	500.00	5,118.00
30 Apr 2023	30 Apr 2023	   TO TRANSFER-UPI/DR/312018113102/APURVA S/HDFC/sinhaapurv/UPI--	TRANSFER TO 4897696162090	500.00	 	4,618.00
12 Jun 2023	12 Jun 2023	   BY TRANSFER-UPI/CR/316320408927/MS APURV/SCBL/sinhaapurv/UPI--	TRANSFER FROM 4897732162091	 	500.00	5,118.00
12 Jun 2023	12 Jun 2023	   ATM WDL-ATM CASH 9961  SBI, LILUAH BRANCH    HAORA--		500.00	 	4,618.00
16 Jun 2023	16 Jun 2023	   BY TRANSFER-UPI/CR/316771379540/MS APURV/SCBL/sinhaapurv/UPI--	TRANSFER FROM 4897736162097	 	7,500.00	12,118.00
19 Jun 2023	19 Jun 2023	   ATM WDL-ATM CASH 1386  LILUAH WORK SHOP 028  HAORA--		6,000.00	 	6,118.00
25 Jun 2023	25 Jun 2023	   CREDIT INTEREST---		 	34.00	6,152.00
8 Jul 2023	8 Jul 2023	   DEBIT-Amount debited for YONO NPS Reg TPRN4PJ2IF366O--	1TPRN4PJ2IF366O	4,707.00	 	1,445.00
9 Jul 2023	9 Jul 2023	   BY TRANSFER-UPI/CR/319074432183/MS APURV/SCBL/sinhaapurv/UPI--	TRANSFER FROM 4897738162095	 	1,00,000.00	1,01,445.00
11 Jul 2023	11 Jul 2023	   BY TRANSFER-UPI/CR/319242398332/MS APURV/SCBL/sinhaapurv/UPI--	TRANSFER FROM 4897733162090	 	1,00,000.00	2,01,445.00
18 Jul 2023	18 Jul 2023	TO CLEARING-Chq No. 593716 GPO   A  SINHA--593716	593716	1,80,000.00	 	21,445.00
18 Jul 2023	18 Jul 2023	CHEQUE DEPOSIT---327251	TRANSFER TO 10252776989                            / 327251	 	25,000.00	46,445.00
18 Jul 2023	18 Jul 2023	CHEQUE DEPOSIT---988678	TRANSFER TO 40413482396                            / 988678	 	43,840.00	90,285.00
18 Jul 2023	18 Jul 2023	   TO TRANSFER-UPI/DR/319931584431/CBDT/HDFC/cbdt.payu@/Upi Tran--	TRANSFER TO 4897691162095	43,840.00	 	46,445.00
18 Jul 2023	18 Jul 2023	   TO TRANSFER-UPI/DR/319976531151/MS APURV/SCBL/sinhaapurv/UPI--	TRANSFER TO 4897691162095	25,000.00	 	21,445.00
30 Jul 2023	30 Jul 2023	   BY TRANSFER-UPI/CR/321168118781/MS APURV/SCBL/sinhaapurv/UPI--	TRANSFER FROM 4897738162095	 	46,473.00	67,918.00
30 Jul 2023	30 Jul 2023	   TO TRANSFER-INB National Pension Scheme (NPS)--	IHR5841708               TRANSFER TO 98561013773	46,473.00	 	21,445.00
16 Aug 2023	16 Aug 2023	   BY TRANSFER-UPI/CR/322844432182/MS APURV/SCBL/sinhaapurv/UPI--	TRANSFER FROM 4897734162099	 	50,000.00	71,445.00
21 Aug 2023	21 Aug 2023	   TO TRANSFER-UPI/DR/323312854600/AMAN NIL/HDFC/amannilesh/UPI--	TRANSFER TO 4897690162095	17,000.00	 	54,445.00
2 Sep 2023	2 Sep 2023	   BY TRANSFER-UPI/CR/324512824302/APURVA S/HDFC/sinhaapurv/UPI--	TRANSFER FROM 4897737162096	 	17,000.00	71,445.00
2 Sep 2023	2 Sep 2023	   BY TRANSFER-UPI/CR/324512976855/APURVA S/HDFC/sinhaapurv/UPI--	TRANSFER FROM 4897737162096	 	1.00	71,446.00
2 Sep 2023	2 Sep 2023	   TO TRANSFER-UPI/DR/324516383304/APURVA S/HDFC/sinhaapurv/UPI--	TRANSFER TO 4897695162091	1.00	 	71,445.00
5 Sep 2023	5 Sep 2023	   ATM WDL-ATM CASH 32481 +BELUR BAZAR BRANCH    HOWRAH--		9,500.00	 	61,945.00
5 Sep 2023	5 Sep 2023	   ATM WDL-ATM CASH 32481 +BELUR BAZAR BRANCH    HOWRAH--		8,100.00	 	53,845.00
5 Sep 2023	5 Sep 2023	   ATM WDL-ATM CASH 32481 +BELUR BAZAR BRANCH    BALLY--		1,000.00	 	52,845.00
10 Sep 2023	10 Sep 2023	   BY TRANSFER-UPI/CR/325316877563/MS APURV/SCBL/sinhaapurv/UPI--	TRANSFER FROM 4897738162095	 	80,000.00	1,32,845.00
22 Sep 2023	22 Sep 2023	   ATM WDL-ATM CASH 32651 +BELUR BAZAR BRANCH    BALLY--		7,523.60	 	1,25,321.40
25 Sep 2023	25 Sep 2023	   CREDIT INTEREST---		 	436.00	1,25,757.40
8 Oct 2023	8 Oct 2023	   BY TRANSFER-UPI/CR/328149807718/APURVA S/HDFC/sinhaapurv/UPI--	TRANSFER FROM 4897738162095	 	187.00	1,25,944.40
13 Oct 2023	13 Oct 2023	   BY TRANSFER-UPI/CR/328623534052/APURVA S/HDFC/sinhaapurv/UPI--	TRANSFER FROM 4897736162097	 	7,000.00	1,32,944.40
13 Oct 2023	13 Oct 2023	   TO TRANSFER-UPI/DR/328669734348/MS APURV/SCBL/sinhaapurv/UPI--	TRANSFER TO 4897694162092	7,000.00	 	1,25,944.40
17 Oct 2023	17 Oct 2023	   BY TRANSFER-UPI/CR/329070564992/MS APURV/SCBL/sinhaapurv/UPI--	TRANSFER FROM 4897733162090	 	50,000.00	1,75,944.40
24 Oct 2023	24 Oct 2023	   TO TRANSFER-UPI/DR/366344057068/Mr ANUP /IDIB/9477215528/RD fo--	TRANSFER TO 4897691162095	7,500.00	 	1,68,444.40
1 Nov 2023	1 Nov 2023	   TO TRANSFER-UPI/DR/330563358838/49277098/idib/492770987@/UPI--	TRANSFER TO 4897692162094	50,000.00	 	1,18,444.40
2 Nov 2023	2 Nov 2023	   BY TRANSFER-UPI/CR/330672002024/Mr ANUP /IDIB/9477215528/Payme--	TRANSFER FROM 4897735162098	 	10,000.00	1,28,444.40
2 Nov 2023	2 Nov 2023	CHEQUE DEPOSIT---327254	TRANSFER TO 10252776989                            / 327254	 	40,000.00	1,68,444.40
5 Nov 2023	5 Nov 2023	   BY TRANSFER-UPI/CR/330915163204/MS APURV/SCBL/sinhaapurv/UPI--	TRANSFER FROM 4897738162095	 	19,555.60	1,88,000.00
9 Nov 2023	9 Nov 2023	   BY TRANSFER-UPI/CR/331366520660/MS APURV/SCBL/sinhaapurv/UPI--	TRANSFER FROM 4897735162098	 	4,000.00	1,92,000.00
9 Nov 2023	9 Nov 2023	TO CLG CHQ-Chq No. 593717 OTHER TO CLEARING CHEQUE--593717	593717	1,90,000.00	 	2,000.00
10 Nov 2023	10 Nov 2023	   BY TRANSFER-UPI/CR/331407901497/MS APURV/SCBL/sinhaapurv/UPI--	TRANSFER FROM 4897736162097	 	5,000.00	7,000.00
25 Nov 2023	25 Nov 2023	   BY TRANSFER-UPI/CR/332967150622/Mr ANUP /IDIB/9477215528/Payme--	TRANSFER FROM 4897737162096	 	1,400.00	8,400.00
14 Dec 2023	14 Dec 2023	   BY TRANSFER-UPI/CR/334806320730/MS APURV/SCBL/sinhaapurv/UPI--	TRANSFER FROM 4897736162097	 	80,000.00	88,400.00
17 Dec 2023	17 Dec 2023	   TO TRANSFER-UPI/DR/371787657945/N S FUEL/PYTM/paytmqr281/refue--	TRANSFER TO 4897696162090	1,100.00	 	87,300.00
17 Dec 2023	17 Dec 2023	   TO TRANSFER-UPI/DR/335141348653/MS APURV/SCBL/sinhaapurv/UPI--	TRANSFER TO 4897696162090	2,500.00	 	84,800.00
20 Dec 2023	20 Dec 2023	   BY TRANSFER-UPI/CR/335487272448/APURVA S/HDFC/sinhaapurv/UPI--	TRANSFER FROM 4897734162099	 	200.00	85,000.00
20 Dec 2023	20 Dec 2023	   ATM WDL-ATM CASH 33541 +BELUR BAZAAR OATM     HOWRAH--		8,000.00	 	77,000.00
22 Dec 2023	22 Dec 2023	   TO TRANSFER-UPI/DR/335642419272/APURVA S/HDFC/sinhaapurv/UPI--	TRANSFER TO 4897694162092	61,490.00	 	15,510.00
25 Dec 2023	25 Dec 2023	   CREDIT INTEREST---		 	562.00	16,072.00
31 Dec 2023	31 Dec 2023	   TO TRANSFER-UPI/DR/336582544558/SHILPASH/CNRB/7892821745/tea--	TRANSFER TO 4897696162090	15.00	 	16,057.00
31 Dec 2023	31 Dec 2023	   BY TRANSFER-UPI/REV/336582544558--	TRANSFER FROM 4897696162090	 	15.00	16,072.00
4 Jan 2024	4 Jan 2024	   BY TRANSFER-UPI/CR/400494732167/MS APURV/SCBL/sinhaapurv/UPI--	TRANSFER FROM 4897735162098	 	60,000.00	76,072.00
6 Jan 2024	6 Jan 2024	   BY TRANSFER-UPI/CR/400609412906/APURVA S/HDFC/sinhaapurv/UPI--	TRANSFER FROM 4897737162096	 	60,290.00	1,36,362.00
10 Jan 2024	10 Jan 2024	   TO TRANSFER-UPI/DR/401052170277/MS APURV/SCBL/sinhaapurv/UPI--	TRANSFER TO 4897692162094	566.67	 	1,35,795.33
10 Jan 2024	10 Jan 2024	   TO TRANSFER-UPI/DR/401052456521/MS APURV/SCBL/sinhaapurv/UPI--	TRANSFER TO 4897692162094	2,000.00	 	1,33,795.33
14 Jan 2024	14 Jan 2024	   TO TRANSFER-UPI/DR/401416811450/APURVA S/HDFC/sinhaapurv/UPI--	TRANSFER TO 4897696162090	1,092.00	 	1,32,703.33
14 Jan 2024	14 Jan 2024	   TO TRANSFER-UPI/DR/401416854515/APURVA S/HDFC/sinhaapurv/UPI--	TRANSFER TO 4897696162090	90.00	 	1,32,613.33
14 Jan 2024	14 Jan 2024	   TO TRANSFER-UPI/DR/401416977044/MS APURV/SCBL/sinhaapurv/UPI--	TRANSFER TO 4897696162090	2,000.00	 	1,30,613.33
14 Jan 2024	14 Jan 2024	   BY TRANSFER-UPI/CR/401436168526/APURVA S/HDFC/sinhaapurv/UPI--	TRANSFER FROM 4897738162095	 	248.00	1,30,861.33
24 Jan 2024	24 Jan 2024	   ATM WDL-ATM CASH 5594  LILUAH WORKSHOP 029   HAORA--		7,500.00	 	1,23,361.33
2 Feb 2024	2 Feb 2024	   BY TRANSFER-UPI/CR/403397501651/MS APURV/SCBL/sinhaapurv/UPI--	TRANSFER FROM 4897736162097	 	75,000.00	1,98,361.33
4 Feb 2024	4 Feb 2024	   TO TRANSFER-UPI/DR/403597585723/MS APURV/SCBL/sinhaapurv/UPI--	TRANSFER TO 4897696162090	1,226.17	 	1,97,135.16
4 Feb 2024	4 Feb 2024	   TO TRANSFER-UPI/DR/403597629205/MS APURV/SCBL/sinhaapurv/UPI--	TRANSFER TO 4897696162090	5,000.00	 	1,92,135.16
6 Feb 2024	6 Feb 2024	   ATM WDL-ATM CASH 40370 +BELUR BAZAAR OATM     HOWRAH--		9,000.00	 	1,83,135.16
7 Feb 2024	7 Feb 2024	   ATM WDL-ATM CASH 3487  SBI LILUIAH BRANCH    HAORA--		8,000.00	 	1,75,135.16
14 Feb 2024	14 Feb 2024	   TO TRANSFER-UPI/DR/404587042078/APURVA S/HDFC/sinhaapurv/UPI--	TRANSFER TO 4897692162094	75,000.00	 	1,00,135.16
14 Feb 2024	14 Feb 2024	   TO TRANSFER-UPI/DR/404587153680/MS APURV/SCBL/sinhaapurv/UPI--	TRANSFER TO 4897692162094	2,000.00	 	98,135.16
20 Feb 2024	20 Feb 2024	   TO TRANSFER-UPI/DR/405121852712/APURVA S/HDFC/sinhaapurv/UPI--	TRANSFER TO 4897691162095	589.84	 	97,545.32
20 Feb 2024	20 Feb 2024	   TO TRANSFER-UPI/DR/405121910361/MS APURV/SCBL/sinhaapurv/UPI--	TRANSFER TO 4897691162095	1,596.15	 	95,949.17
20 Feb 2024	20 Feb 2024	   TO TRANSFER-UPI/DR/405156178412/MS APURV/SCBL/sinhaapurv/UPI--	TRANSFER TO 4897691162095	829.00	 	95,120.17
21 Feb 2024	21 Feb 2024	   ATM WDL-ATM CASH 40520 +BELUR BAZAAR OATM     HOWRAH--		7,500.00	 	87,620.17
21 Feb 2024	21 Feb 2024	   REVERSE ATM WDL---		 	7,500.00	95,120.17
21 Feb 2024	21 Feb 2024	   ATM WDL-ATM CASH 3270  LILUAH WORK SHOP 028  HAORA--		7,500.00	 	87,620.17
22 Feb 2024	22 Feb 2024	   TO TRANSFER-UPI/DR/405315724908/MS APURV/SCBL/sinhaapurv/UPI--	TRANSFER TO 4897693162093	2,769.00	 	84,851.17
29 Feb 2024	29 Feb 2024	   BY TRANSFER-UPI/CR/406005021128/MS APURV/SCBL/sinhaapurv/UPI--	TRANSFER FROM 4897735162098	 	1,00,000.00	1,84,851.17
1 Mar 2024	1 Mar 2024	   TO TRANSFER-UPI/DR/406181049400/APURVA S/HDFC/sinhaapurv/UPI--	TRANSFER TO 4897694162092	10,000.00	 	1,74,851.17

**This is a computer generated statement and does not require a signature

